@misc{
    will_2020, 
    title={Most Educators Require Kids to Turn Cameras On in Virtual Class, Despite Equity Concerns}, url={https://www.edweek.org/teaching-learning/most-educators-require-kids-to-turn-cameras-on-in-virtual-class-despite-equity-concerns/2020/10}, 
    journal={Education Week}, 
    publisher={Education Week}, 
    author={Will, Madeline}, year={2020}, month={Nov}
} 

@article{
    simonyan_zisserman_2014,
    author = {Simonyan, Karen and Zisserman, Andrew},
    year = {2014},
    month = {09},
    pages = {},
    title = {Very Deep Convolutional Networks for Large-Scale Image Recognition},
    journal = {arXiv 1409.1556}
}

@misc{
    barnett, 
    title={Camera's Off: The Importance of Privacy in Virtual Learning}, 
    url={https://www.ousa.ca/blog_cameras_off}, 
    journal={OUSA}, 
    author={Barnett, Nathan}
}

@article{
    khan_2020,
    author = {Khan, Asifullah and Sohail, Anabia and Zahoora, Umme and Saeed, Aqsa},
    year = {2020},
    month = {12},
    pages = {},
    title = {A Survey of the Recent Architectures of Deep Convolutional Neural Networks},
    volume = {53},
    journal = {Artificial Intelligence Review},
    doi = {10.1007/s10462-020-09825-6}
}

@misc{
    nicardo_khandelwal_weitzman_2020, 
    title={Please, let students turn their videos off in class}, url={https://www.stanforddaily.com/2020/06/01/please-let-students-turn-their-videos-off-in-class/}, 
    journal={The Stanford Daily}, 
    author={Nicardo, Vincent and Khandelwal, Aditya and Weitzman, Alex}, 
    year={2020}, month={Jun}
} 

@INPROCEEDINGS{
    dalal_triggs_2005,  
    author={N. {Dalal} and B. {Triggs}},  
    booktitle={2005 IEEE Computer Society Conference on Computer Vision and Pattern Recognition (CVPR'05)},  
    title={Histograms of oriented gradients for human detection},   
    year={2005},  volume={1},  number={},  
    pages={886-893 vol. 1},  
    doi={10.1109/CVPR.2005.177}
}

@article{
    kulkarni_2009,
    author = {Kilkarni, S.S. and Reddy, N.P. and Hariharan, S.},
    year={2009},
    month={08},
    title={Facial expression (mood) recognition from facial images using committee neural networks},
    volumn = {8}, number = {16},
    journal = {BioMed Eng OnLine},
    doi={https://doi.org/10.1186/1475-925X-8-16}
}

@INPROCEEDINGS{
    ck+,  
    author={P. {Lucey} and J. F. {Cohn} and T. {Kanade} and J. {Saragih} and Z. {Ambadar} and I. {Matthews}},  
    booktitle={2010 IEEE Computer Society Conference on Computer Vision and Pattern Recognition - Workshops},   
    title={The Extended Cohn-Kanade Dataset (CK+): A complete dataset for action unit and emotion-specified expression},   year={2010},  
    volume={},  number={},  
    pages={94-101},  
    doi={10.1109/CVPRW.2010.5543262}
}

@misc{
    tds, 
    title={5 Proportions of the Face to Know}, 
    url={https://www.thedrawingsource.com/proportions-of-the-face.html}, 
    journal={The Drawing Source}
} 

% head pose estimation
@article{murphy2009,
    author = {Murphy-Chutorian, Erik and Trivedi, Mohan},
    year = {2009},
    month = {05},
    pages = {607-26},
    title = {Head Pose Estimation in Computer Vision: A Survey},
    volume = {31},
    journal = {IEEE transactions on pattern analysis and machine intelligence},
    doi = {10.1109/TPAMI.2008.106}
}

@misc{
    fussell, 
    title={Facial Proportions - How to Draw a Face}, 
    url={https://thevirtualinstructor.com/facialproportions.html}, 
    journal={How to Draw a Face - Facial Proportions}, 
    author={Fussell, Matt}
} 

@article{
    squeezenet,
    author={Forrest N. {Iandola} and Song {Han} and Matthew W. {Moskewicz} and Khalid {Ashraf} and William J. {Dally} and Kurt {Keutzer}},
    title={SqueezeNet: AlexNet-level accuracy with 50x fewer parameters and <0.5MB model size},
    year={2016},
    journal={arxiv 1602.07360}
}


%jaffe
@article{
    jaffe,
    author = {Kamachi, Miyuki and Lyons, Michael and Gyoba, Jiro},
    year = {1997},
    month = {01},
    pages = {},
    title = {The japanese female facial expression (jaffe) database},
    journal = {Availble: http://www. kasrl. org/jaffe. html}
}

%inception review
@article{
    pandit_2020,
    author = {Pandit, Tejas and Kapoor, Akshay and Shah, Rishi and Bhuva, Rushi},
    year = {2020},
    month = {02},
    pages = {},
    title = {UNDERSTANDING INCEPTION NETWORK ARCHITECTURE FOR IMAGE CLASSIFICATION},
    doi = {10.13140/RG.2.2.16212.35204}
}

% inception net
@INPROCEEDINGS{
    inception,
    author={C. {Szegedy} and  {Wei Liu} and  {Yangqing Jia} and P. {Sermanet} and S. {Reed} and D. {Anguelov} and D. {Erhan} and V. {Vanhoucke} and A. {Rabinovich}},  
    booktitle={2015 IEEE Conference on Computer Vision and Pattern Recognition (CVPR)},   title={Going deeper with convolutions},   
    year={2015},  volume={},  number={},  pages={1-9},  
    doi={10.1109/CVPR.2015.7298594}
}

% haar cascade
@INPROCEEDINGS{
    haar_cascade,  
    author={P. {Viola} and M. {Jones}},  
    booktitle={Proceedings of the 2001 IEEE Computer Society Conference on Computer Vision and Pattern Recognition. CVPR 2001},   
    title={Rapid object detection using a boosted cascade of simple features},   
    year={2001},  
    volume={1},  
    number={},  
    pages={I-I},  
    doi={10.1109/CVPR.2001.990517}
}

@article{goodfellow_2013,
    author = {Goodfellow, Ian and Erhan, Dumitru and Carrier, Pierre and Courville, Aaron and Mirza, Mehdi and Hamner, Ben and Cukierski, Will and Tang, Yichuan and Thaler, David and Lee, Dong-Hyun and Zhou, Yingbo and Ramaiah, Chetan and Feng, Fangxiang and Li, Ruifan and Wang, Xiaojie and Athanasakis, Dimitris and Shawe-Taylor, John and Milakov, Maxim and Park, John and Bengio, Y.},
    year = {2013},
    month = {07},
    pages = {},
    title = {Challenges in Representation Learning: A Report on Three Machine Learning Contests},
    volume = {64},
    isbn = {978-3-642-42050-4},
    journal = {Neural Networks},
    doi = {10.1016/j.neunet.2014.09.005}
}

% larger nn = better
@article{Pramerdorfer2016,
    author = {Pramerdorfer, Christopher and Kampel, Martin},
    year = {2016},
    month = {12},
    pages = {},
    title = {Facial Expression Recognition using Convolutional Neural Networks: State of the Art}
}

% exploding gradient problem
@article{Pascanu2012UnderstandingTE,
  title={Understanding the exploding gradient problem},
  author={Razvan Pascanu and Tomas Mikolov and Yoshua Bengio},
  journal={ArXiv},
  year={2012},
  volume={abs/1211.5063}
}

@article{shufflenet,
    title={ShuffleNet: An Extremely Efficient Convolutional Neural Network for Mobile Devices},
    author={Xiangyu Zhang and Xinyu Zhou and Mengxiao Lin and Jian Sun},
    journal={	arXiv:1707.01083},
    year={2017}
}

@article{xception,
    title={Xception: Deep Learning with Depthwise Separable Convolutions},
    author={François Chollet},
    journal={	arXiv:1610.02357},
    year={2016}
}

% opencv deep learning head pose estimation
@inproceedings{
    ssd, 
    title	= {SSD: Single Shot MultiBox Detector},
    author	= {Wei Liu and Dragomir Anguelov and Dumitru Erhan and Christian Szegedy and Scott Reed and Cheng-Yang Fu and Alexander C. Berg},
    year	= {2016},
    URL	= {http://arxiv.org/abs/1512.02325},
    note	= {To appear.}
}

% jisoo portrait citation
@article{
    jisoo, 
    title={Portrait of Kim Jisoo}, 
    journal={https://kpop.asiachan.com/172058}
}

%compare head pose models
@misc{
    gupta_2018, 
    title={Face Detection – OpenCV, Dlib and Deep Learning ( C++ / Python )}, url={https://www.learnopencv.com/face-detection-opencv-dlib-and-deep-learning-c-python/}, journal={Learn OpenCV}, 
    author={Gupta, Vikas}, year={2018}, month={Oct}
} 

@article{
    duncan_2016,
    title={Facial Emotion Recognition in Real Time},
    author={Dan Duncan and Gautam Shine and Chris English},
    url={http://cs231n.stanford.edu/reports/2016/pdfs/022_Report.pdf}
}

@article{
    code, 
    author = {Qinchen Wang and Sixuan Wu and Tingfeng Xia},
    title={Real-Time Facial Expression Emoji Masking with Convolutional Neural Networks and Homography}, 
    journal={https://github.com/tingfengx/Emoji-Expression-Mask.PyTorch}
}